@article{archer_characterising_2015,
	title = {Characterising flash flood response to intense rainfall and impacts using historical information and gauged data in {Britain}},
	volume = {11},
	copyright = {© 2015 The Authors. Journal of Flood Risk Management published by The Chartered Institution of Water and Environmental Management and John Wiley \& Sons Ltd.},
	issn = {1753-318X},
	url = {https://onlinelibrary.wiley.com/doi/abs/10.1111/jfr3.12187},
	doi = {10.1111/jfr3.12187},
	language = {en},
	number = {S1},
	urldate = {2020-01-06},
	journal = {Journal of Flood Risk Management},
	author = {Archer, D. R. and Fowler, H. J.},
	year = {2015},
	keywords = {Flash flood, historical data, intense rainfall, pluvial flood, rate of rise, wall of water, wavefront steepening},
	pages = {S121--S133}
}

@inproceedings{ball1992influence,
  title={The influence of temporal patterns on surface runoff hydrographs},
  author={Ball, JE},
  booktitle={Proceedings of the International Symposium on Urban Stormwater Management, Institution of Engineers, Australia, Canberra, Australia},
  pages={64--69},
  year={1992}
}

@misc{ball2019australian,
  title={Australian Rainfall and Runoff-A guide to flood estimation},
  author={Ball, JE and Babister, MK and Nathan, R and Weinmann, PE and Weeks, W and Retallick, M and Testoni, I},
  year={2019},
  publisher={Geosceience Australia}
}

@article{bardossy2022precipitation,
  title={Is precipitation responsible for the most hydrological model uncertainty?},
  author={B{\'a}rdossy, Andr{\'a}s and Kilsby, Chris and Birkinshaw, Stephen and Wang, Ning and Anwar, Faizan},
  journal={Frontiers in Water},
  volume={4},
  pages={836554},
  year={2022},
  publisher={Frontiers Media SA}
}

@article{balbastre2019comparison,
  title={A comparison of design storms for urban drainage system applications},
  author={Balbastre-Soldevila, Rosario and Garc{\'\i}a-Bartual, Rafael and Andr{\'e}s-Dom{\'e}nech, Ignacio},
  journal={Water},
  volume={11},
  number={4},
  pages={757},
  year={2019},
  publisher={MDPI}
}

@masterthesis{beadle2021,
    title        = {Identifying the Impact of Climate Change on the Pluvial Flood Hazard in {Leeds}},
    author       = {Megan Beadle},
    year         = 2021,
    month        = {May},
    school       = {University of Leeds},
    type         = {Master's thesis}}

@article{berne2013radar,
  title={Radar for hydrology: Unfulfilled promise or unrecognized potential?},
  author={Berne, Alexis and Krajewski, Witold F},
  journal={Advances in Water Resources},
  volume={51},
  pages={357--366},
  year={2013},
  publisher={Elsevier}
}

@article{beven1989changing,
  title={Changing ideas in hydrology—the case of physically-based models},
  author={Beven, Keith},
  journal={Journal of hydrology},
  volume={105},
  number={1-2},
  pages={157--172},
  year={1989},
  publisher={Elsevier}
}


@article{bezak2018impact,
  title={Impact of the rainfall duration and temporal rainfall distribution defined using the Huff curves on the hydraulic flood modelling results},
  author={Bezak, Nejc and {\v{S}}raj, Mojca and Rusjan, Simon and Miko{\v{s}}, Matja{\v{z}}},
  journal={Geosciences},
  volume={8},
  number={2},
  pages={69},
  year={2018},
  publisher={MDPI}
}


@article{bruni2015sensitivity,
  title={On the sensitivity of urban hydrodynamic modelling to rainfall spatial and temporal resolution},
  author={Bruni, Guendalina and Reinoso, R and Van De Giesen, NC and Clemens, FHLR and Ten Veldhuis, JAE},
  journal={Hydrology and Earth System Sciences},
  volume={19},
  number={2},
  pages={691--709},
  year={2015},
  publisher={Copernicus GmbH}
}

@article{brunner2016hec,
  title={HEC-RAS River Analysis System: Hydraulic Reference Manual, Version 5.0},
  author={Brunner, Gary W},
  journal={US Army Corps of Engineers--Hydrologic Engineering Center},
  volume={547},
  year={2016}
}


@article{bulti2020review,
  title={A review of flood modeling methods for urban pluvial flood application},
  author={Bulti, Dejene Tesema and Abebe, Birhanu Girma},
  journal={Modeling earth systems and environment},
  volume={6},
  pages={1293--1302},
  year={2020},
  publisher={Springer}
}

@book{butler_urban_2004,
	title = {Urban {Drainage}, {Second} {Edition}},
	isbn = {978-0-415-30607-2},
	abstract = {Environmental and engineering aspects are both involved in the drainage of rainwater and wastewater from areas of human development. Urban Drainage deals comprehensively not only with the design of new systems, but also the analysis and upgrading of existing infrastructure, and the environmental issues involved. Each chapter contains a descriptive overview of the complex issues involved, the basic engineering principles, and analysis for each topic. Extensive examples are used to support and demonstrate the key issues explained in the text. Urban Drainage is an essential text for undergraduates and postgraduate students, lecturers and researchers in water engineering, environmental engineering, public health engineering and engineering hydrology. It is a useful reference for drainage design and operation engineers in the water industry and local authorities, and for consulting engineers. It will also be of interest to students, researchers and practitioners in environmental science, technology, policy and planning, geography and health studies.},
	language = {en},
	publisher = {CRC Press},
	author = {Butler, David and Davies, John},
	month = may,
	year = {2004},
	note = {Google-Books-ID: bd7TN4ykJmcC},
	keywords = {Science / Environmental Science, Architecture / Landscape, Technology \& Engineering / Civil / General}
}

@article{chang2015novel,
  title={A novel approach to model dynamic flow interactions between storm sewer system and overland surface for different land covers in urban areas},
  author={Chang, Tsang-Jung and Wang, Chia-Ho and Chen, Albert S},
  journal={Journal of Hydrology},
  volume={524},
  pages={662--679},
  year={2015},
  publisher={Elsevier}
}

@inproceedings{chen2009pluvial,
  title={Pluvial flood modelling of the South East London resilience zone in the community resilience to extreme weather (CREW) Project},
  author={Chen, ALBERT S and Djordjevic, S and Fowler, HAYLEY J and Burton, AIDAN and Walsh, CLAIRE and Harvey, HAMISH and Wood, G},
  booktitle={Flood and Coastal Risk Management Conference. Telford, UK},
  year={2009}
}

@book{chow1988applied,
  title={Applied hydrology},
  author={Te Chow, Ven and Maidment, David R and Mays, Larry W},
  year={1988}
}

@article{costabile2021hec,
  title={Is HEC-RAS 2D accurate enough for storm-event hazard assessment? Lessons learnt from a benchmarking study based on rain-on-grid modelling},
  author={Costabile, Pierfranco and Costanzo, Carmelina and Ferraro, Domenico and Barca, Pierfrancesco},
  journal={Journal of Hydrology},
  volume={603},
  pages={126962},
  year={2021},
  publisher={Elsevier}
}

@article{cristiano2017spatial,
  title={Spatial and temporal variability of rainfall and their effects on hydrological response in urban areas--a review},
  author={Cristiano, Elena and ten Veldhuis, Marie-claire and Van De Giesen, Nick},
  journal={Hydrology and Earth System Sciences},
  volume={21},
  number={7},
  pages={3859--3878},
  year={2017},
  publisher={Copernicus GmbH}
}

@article{daviescritical,
  title={How critical is critical duration in a 2D surface water model?},
  author={Davies, P and Hancock, L},
  year = {2015}}

@article{dawdy1969effect,
  title={Effect of rainfall variability on streamflow simulation},
  author={Dawdy, DR and Bergmann, James M},
  journal={Water resources research},
  volume={5},
  number={5},
  pages={958--966},
  year={1969},
  publisher={Wiley Online Library}
}


@article{dullo2017evaluation,
  title={Evaluation of changing characteristics of temporal rainfall distribution within 24-hour duration storms and their influences on peak discharges: case study of {Asheville}, {North} {Carolina}},
  author={Dullo, Tigstu T and Kalyanapu, Alfred J and Teegavarapu, Ramesh SV},
  journal={Journal of Hydrologic Engineering},
  volume={22},
  number={11},
  pages={05017022},
  year={2017},
  publisher={American Society of Civil Engineers}
}

@article{einfalt2004towards,
  title={Towards a roadmap for use of radar rainfall data in urban drainage},
  author={Einfalt, Thomas and Arnbjerg-Nielsen, Karsten and Golz, Claudia and Jensen, Niels-Einar and Quirmbach, Markus and Vaes, Guido and Vieux, Baxter},
  journal={Journal of Hydrology},
  volume={299},
  number={3-4},
  pages={186--202},
  year={2004},
  publisher={Elsevier}

@misc{envagency2019,
  author = {{Environment Agency}},
    title = {What is the risk of flooding from surface water map?},
    year = {2019}, 
  howpublished = "\url{https://assets.publishing.service.gov.uk/media/5db6ded540f0b6379a7acbb8/What-is-the-Risk-of-Flooding-from-Surface-Water-Map.pdf}",
    note = "[Online; accessed  2023/05/12]"}

@misc{envagency2021,
  author = {{Environment Agency}},
    title = {Flood and coastal erosion risk management report: 1 April 2020 to 31 March 2021},
    year = {2021}, 
  howpublished = "\url{https://www.gov.uk/government/publications/flood-and-coastal-risk-management-national-report/flood-and-coastal-erosion-risk-management-report-1-april-2020-to-31-march-2021}",
    note = "[Online; accessed  2023/05/12]"}


@book{faulkner1999,
  title={Flood Estimation Handbook: Volume 2: Rainfall Frequency Estimation},
  author={Faulkner, Duncan},
  year={1999},
  publisher={Centre for Ecology \& Hydrology}
}

@article{fadhel2018sensitivity,
  title={Sensitivity of peak flow to the change of rainfall temporal pattern due to warmer climate},
  author={Fadhel, Sherien and Rico-Ramirez, Miguel Angel and Han, Dawei},
  journal={Journal of Hydrology},
  volume={560},
  pages={546--559},
  year={2018},
  publisher={Elsevier}
}

@article{fatone2021advanced,
  title={Advanced sensitivity analysis of the impact of the temporal distribution and intensity of rainfall on hydrograph parameters in urban catchments},
  author={Fatone, Francesco and Szel{\k{a}}g, Bartosz and Kiczko, Adam and Majerek, Dariusz and Majewska, Monika and Drewnowski, Jakub and {\L}ag{\'o}d, Grzegorz},
  journal={Hydrology and Earth System Sciences},
  volume={25},
  number={10},
  pages={5493--5516},
  year={2021},
  publisher={Copernicus GmbH}
}

@article{gabellani2007propagation,
  title={Propagation of uncertainty from rainfall to runoff: A case study with a stochastic rainfall generator},
  author={Gabellani, S and Boni, G and Ferraris, L and Von Hardenberg, J and Provenzale, A},
  journal={Advances in water resources},
  volume={30},
  number={10},
  pages={2061--2071},
  year={2007},
  publisher={Elsevier}
}



@article{hettiarachchi2018increase,
  title={Increase in flood risk resulting from climate change in a developed urban watershed--the role of storm temporal patterns},
  author={Hettiarachchi, Suresh and Wasko, Conrad and Sharma, Ashish},
  journal={Hydrology and Earth System Sciences},
  volume={22},
  number={3},
  pages={2041--2056},
  year={2018},
  publisher={Copernicus GmbH}
}

@article{henonin2013real,
  title={Real-time urban flood forecasting and modelling--a state of the art},
  author={Henonin, Justine and Russo, Beniamino and Mark, Ole and Gourbesville, Philippe},
  journal={Journal of Hydroinformatics},
  volume={15},
  number={3},
  pages={717--736},
  year={2013},
  publisher={IWA Publishing}
}

@article{houston2011pluvial,
  title={Pluvial (rain-related) flooding in urban areas: the invisible hazard},
  author={Houston, Donald and Werrity, Alan and Bassett, David and Geddes, Alistair and Hoolachan, Andrew and McMillan, Marion},
  year={2011},
  publisher={Joseph Rowntree Foundation}
}

@article{keifer1957synthetic,
  title={Synthetic storm pattern for drainage design},
  author={Keifer, Clint J and Chu, Henry Hsien},
  journal={Journal of the hydraulics division},
  volume={83},
  number={4},
  pages={1332--1},
  year={1957},
  publisher={American Society of Civil Engineers}
}

@article{kjeldsen2007revitalised,
  title={The revitalised FSR/FEH rainfall-runoff method},
  author={Kjeldsen, Thomas Rodding},
  year={2007},
  publisher={NERC/Centre for Ecology \& Hydrology}
}

@article{kjeldsen2013modelling,
  title={Modelling design flood hydrographs in catchments with mixed urban and rural land cover},
  author={Kjeldsen, TR and Miller, JD and Packman, JC},
  journal={Hydrology Research},
  volume={44},
  number={6},
  pages={1040--1057},
  year={2013},
  publisher={IWA Publishing}
}

@article{krvavica2020evaluation,
  title={Evaluation of design storms and critical rainfall durations for flood prediction in partially urbanized catchments},
  author={Krvavica, Nino and Rubini{\'c}, Josip},
  journal={Water},
  volume={12},
  number={7},
  pages={2044},
  year={2020},
  publisher={MDPI}
}

@article{jenkins2018probabilistic,
  title={A probabilistic analysis of surface water flood risk in {London}},
  author={Jenkins, Katie and Hall, Jim and Glenis, Vassilis and Kilsby, Chris},
  journal={Risk Analysis},
  volume={38},
  number={6},
  pages={1169--1182},
  year={2018},
  publisher={Wiley Online Library}
}

@article{lambourne1987model,
  title={Model study of the effect of temporal storm distributions on peak discharges and volumes},
  author={Lambourne, JJ and Stephenson, D},
  journal={Hydrological sciences journal},
  volume={32},
  number={2},
  pages={215--226},
  year={1987},
  publisher={Taylor \& Francis}
}

@article{leandro2016step,
  title={A step towards considering the spatial heterogeneity of urban key features in urban hydrology flood modelling},
  author={Leandro, J and Schumann, A and Pfister, A},
  journal={Journal of Hydrology},
  volume={535},
  pages={356--365},
  year={2016},
  publisher={Elsevier}
}

@misc{lewis2019gridded,
  title={Gridded estimates of hourly areal rainfall for Great Britain (1990--2014)[CEH-GEAR1hr], NERC Environmental Information Data Centre},
  author={Lewis, E and Quinn, N and Blenkinsop, S and Fowler, HJ and Freer, J and Tanguy, M and Hitt, O and Coxon, G and Bates, P and Woods, R},
  year={2019}
}


@article{li2021case,
  title={Case Study of Urban Flood Inundation—Impact of Temporal Variability in Rainfall Events},
  author={Li, Ting and Lee, Gyuwon and Kim, Gwangseob},
  journal={Water},
  volume={13},
  number={23},
  pages={3438},
  year={2021},
  publisher={MDPI}
}

@article{loveridge2018monte,
  title={Monte Carlo simulation for design flood estimation: A review of {Australian}
 practice},
  author={Loveridge, Melanie and Rahman, Ataur},
  journal={Australasian Journal of Water Resources},
  volume={22},
  number={1},
  pages={52--70},
  year={2018},
  publisher={Taylor \& Francis}
}

@article{maca2009influence,
  title={The influence of temporal rainfall distribution in the flood runoff modelling},
  author={M{\'a}ca, Petr and Torfs, Paul and others},
  journal={Soil Water Res},
  volume={4},
  pages={S102--S110},
  year={2009}
}

@article{marsalek1984design,
  title={Design storms for urban drainage design},
  author={Marsalek, J and Watt, WE},
  journal={Canadian Journal of Civil Engineering},
  volume={11},
  number={3},
  pages={574--584},
  year={1984},
  publisher={NRC Research Press Ottawa, Canada}
}

@article{moftakhari2018nuisance,
  title={What is nuisance flooding? Defining and monitoring an emerging challenge},
  author={Moftakhari, Hamed R and AghaKouchak, Amir and Sanders, Brett F and Allaire, Maura and Matthew, Richard A},
  journal={Water Resources Research},
  volume={54},
  number={7},
  pages={4218--4227},
  year={2018},
  publisher={Wiley Online Library}
}

@article{morton2020land,
  title={Land cover map 2019 (25m rasterised land parcels, n. Ireland)},
  author={Morton, Daniel and Marston, Christopher and O'Neil, Aneurin and Rowland, Clare},
  year={2020}
}

@article{mu2021impact,
  title={Impact of temporal rainfall patterns on flash floods in Hue City, Vietnam},
  author={Mu, Dengrui and Luo, Pingping and Lyu, Jiqiang and Zhou, Meimei and Huo, Aidi and Duan, Weili and Nover, Daniel and He, Bin and Zhao, Xiaoli},
  journal={Journal of Flood Risk Management},
  volume={14},
  number={1},
  pages={e12668},
  year={2021},
  publisher={Wiley Online Library}
}

@article{ng2020design,
  title={Do design storms yield robust drainage systems? How rainfall duration, intensity, and profile can affect drainage performance},
  author={Ng, Jia Yi and Fazlollahi, Samira and Galelli, Stefano},
  journal={Journal of Water Resources Planning and Management},
  volume={146},
  number={3},
  pages={04020003},
  year={2020},
  publisher={American Society of Civil Engineers}
}

@inproceedings{nathan2003use,
  title={Use of Monte Carlo simulation to estimate the expected probability of large to extreme floods},
  author={Nathan, Rory and Weinmann, Erwin and Hill, Peter},
  booktitle={International Hydrology and Water Resources Symposium (28th: 2003: Wollongong, NSW)},
  pages={1--105},
  year={2003},
  organization={Institution of Engineers, Australia Barton, ACT}
}

@article{nguyen2010optimal,
  title={Optimal rainfall temporal patterns for urban drainage design in the context of climate change},
  author={Nguyen, V-T-V and Desramaut, N and Nguyen, T-D},
  journal={Water Science and Technology},
  volume={62},
  number={5},
  pages={1170--1176},
  year={2010},
  publisher={IWA Publishing}
}

@incollection{nguyen2002rainfall,
  title={Rainfall temporal patterns for urban drainage design in southern Quebec},
  author={Nguyen, Van-Thanh-Van and Peyron, Nelly and Rivard, Gilles},
  booktitle={Global Solutions for Urban Drainage},
  pages={1--16},
  year={2002}
}



@article{ochoa2015impact,
  title={Impact of spatial and temporal resolution of rainfall inputs on urban hydrodynamic modelling outputs: A multi-catchment investigation},
  author={Ochoa-Rodriguez, Susana and Wang, Li-Pen and Gires, Auguste and Pina, Rui Daniel and Reinoso-Rondinel, Ricardo and Bruni, Guendalina and Ichiba, Abdellah and Gaitan, Santiago and Cristiano, Elena and van Assel, Johan and Kroll, Stefan and Murlà-Tuyls, Damian and Tisserand, Bruno and Schertzer, Daniel and Tchiguirinskaia, Ioulia and Onof, Christian and Willems, Patrick and ten Veldhuis, Marie-Claire},
  journal={Journal of Hydrology},
  volume={531},
  pages={389--407},
  year={2015},
  publisher={Elsevier}
}

@article{paschalis2014effects,
  title={On the effects of small scale space--time variability of rainfall on basin flood response},
  author={Paschalis, Athanasios and Fatichi, Simone and Molnar, Peter and Rimkus, Stefan and Burlando, Paolo},
  journal={Journal of Hydrology},
  volume={514},
  pages={313--327},
  year={2014},
  publisher={Elsevier}
}

@article{peleg2016partitioning,
  title={Partitioning spatial and temporal rainfall variability in urban drainage modelling},
  author={Peleg, Nadav and Blumensaat, Frank and Molnar, Peter and Fatichi, Simone and Burlando, Paolo},
  journal={Hydrol. Earth Syst. Sci. Discuss., doi},
  volume={10},
  year={2016}
}

@inproceedings{peyron2002optimal,
  title={An optimal design storm pattern for urban runoff estimation in southern {Qu{\'e}bec}},
  author={Peyron, N and Nguyen, VTV and Rivard, G},
  booktitle={Proceedings, Annual Conference of the Canadian Society for Civil Engineering, Montreal, Quebec, June},
  pages={5--8},
  year={2002}
}


@article{pochwat2017temporal,
  title={The temporal variability of a rainfall synthetic hyetograph for the dimensioning of stormwater retention tanks in small urban catchments},
  author={Pochwat, Kamil and S{\l}y{\'s}, Daniel and Kordana, Sabina},
  journal={Journal of Hydrology},
  volume={549},
  pages={501--511},
  year={2017},
  publisher={Elsevier}
}

@article{pregnolato2017impact,
  title={The impact of flooding on road transport: A depth-disruption function},
  author={Pregnolato, Maria and Ford, Alistair and Wilkinson, Sean M and Dawson, Richard J},
  journal={Transportation research part D: transport and environment},
  volume={55},
  pages={67--81},
  year={2017},
  publisher={Elsevier}
}

@article{rangari2019assessment,
  title={Assessment of inundation risk in urban floods using HEC RAS 2D},
  author={Rangari, Vinay Ashok and Umamahesh, NV and Bhatt, CM},
  journal={Modeling Earth Systems and Environment},
  volume={5},
  pages={1839--1851},
  year={2019},
  publisher={Springer}
}

@article{razavi2020anthropocene,
  title={Anthropocene flooding: Challenges for science and society},
  author={Razavi, Saman and Gober, Patricia and Maier, Holger R and Brouwer, Roy and Wheater, Howard},
  journal={Hydrological Processes},
  volume={34},
  number={8},
  pages={1996--2000},
  year={2020},
  publisher={Wiley Online Library}
}

@article{rudd2020investigating,
  title={Investigating potential future changes in surface water flooding hazard and impact},
  author={Rudd, Alison C and Kay, Alison L and Wells, Steven C and Aldridge, Timothy and Cole, Steven J and Kendon, Elizabeth J and Stewart, Elizabeth J},
  journal={Hydrological Processes},
  volume={34},
  number={1},
  pages={139--149},
  year={2020},
  publisher={Wiley Online Library}
}


@article{schilling1991rainfall,
  title={Rainfall data for urban hydrology: what do we need?},
  author={Schilling, Wolfgang},
  journal={Atmospheric Research},
  volume={27},
  number={1-3},
  pages={5--21},
  year={1991},
  publisher={Elsevier}
}

@article{singh1997effect,
  title={Effect of spatial and temporal variability in rainfall and watershed characteristics on stream flow hydrograph},
  author={Singh, VP},
  journal={Hydrological processes},
  volume={11},
  number={12},
  pages={1649--1669},
  year={1997},
  publisher={Wiley Online Library}
}


@article{singh2023drainage,
  title={Drainage representation in flood models: Application and analysis of capacity assessment framework},
  author={Singh, Amrie and Dawson, David and Trigg, Mark A and Wright, Nigel and Seymour, Claire and Ferriday, Luke},
  journal={Journal of Hydrology},
  pages={129718},
  year={2023},
  publisher={Elsevier}
}

@article{smith2019new,
  title={New estimates of flood exposure in developing countries using high-resolution population data},
  author={Smith, Andrew and Bates, Paul D and Wing, Oliver and Sampson, Christopher and Quinn, Niall and Neal, Jeff},
  journal={Nature communications},
  volume={10},
  number={1},
  pages={1814},
  year={2019},
  publisher={Nature Publishing Group UK London}
}

@article{surendran2008supplementary,
  title={Supplementary Note on Flood Hazard Ratings and Thresholds for Development Planning and Control Purpose—Clarification of the Table 13.1 of FD2320/TR2 and Figure 3.2 of FD2321/TR1},
  author={Surendran, Suresh and Gibbs, Geoff and Wade, Steven and Udale-Clarke, Helen},
  journal={Environment Agency and HR Wallingford},
  year={2008}
}

@article{szelkag2022flood,
  title={Flood occurrence analysis in small urban catchments in the context of regional variability},
  author={Szel{\k{a}}g, Bartosz and Suligowski, Roman and {\L}ag{\'o}d, Grzegorz and {\L}azuka, Ewa and Wla{\'z}, Pawe{\l} and Str{\'a}nsk{\`y}, David and De Paola, Francesco and Fatone, Francesco},
  journal={Plos one},
  volume={17},
  number={11},
  pages={e0276312},
  year={2022},
  publisher={Public Library of Science San Francisco, CA USA}
}

@article{ten2017role,
  title={The role of storm dynamics and scale in controlling urban flood response},
  author={Ten Veldhuis, MC and Zhou, Z and Yang, L and Liu, S and Smith, J},
  journal={Hydrology and Earth System Sciences Discussions},
  pages={1--28},
  year={2017}
}

@article{thorndahl2017weather,
  title={Weather radar rainfall data in urban hydrology},
  author={Thorndahl, S{\o}ren and Einfalt, Thomas and Willems, Patrick and Nielsen, Jesper Ellerb{\ae}k and Ten Veldhuis, Marie-Claire and Arnbjerg-Nielsen, Karsten and Rasmussen, Michael R and Molnar, Peter},
  journal={Hydrology and Earth System Sciences},
  volume={21},
  number={3},
  pages={1359--1380},
  year={2017},
  publisher={Copernicus GmbH}
}

@article{veneziano1999best,
  title={Best linear unbiased design hyetograph},
  author={Veneziano, Daniele and Villani, Paolo},
  journal={Water Resources Research},
  volume={35},
  number={9},
  pages={2725--2738},
  year={1999},
  publisher={Wiley Online Library}
}

@article{villalobos2023creation,
  title={The creation and climatology of a large independent rainfall event database for {Great Britain}},
  author={Villalobos Herrera, Roberto and Blenkinsop, Stephen and Guerreiro, Selma B and Fowler, Hayley J},
  journal={International Journal of Climatology},
  year={2023},
  publisher={Wiley Online Library}
}

@article{villalobos2023towards,
  title={Towards new design rainfall profiles for the {United Kingdom}},
  author={Villalobos Herrera, Roberto and Blenkinsop, Stephen and Guerreiro, Selma B and Dale, Murray and Faulkner, Duncan and Fowler, Hayley J},
  journal={Journal of Flood Risk Management},
  pages={e12958},
  year={2023},
  publisher={Wiley Online Library}
}


@article{villalobos2023test,
  title={Towards new design rainfall profiles for the {United Kingdom}},
  author={Villalobos Herrera, Roberto and Blenkinsop, Stephen and Guerreiro, Selma B and Dale, Murray and Faulkner, Duncan and Fowler, Hayley J},
  journal={Journal of Flood Risk Management}, 
  pages={e12958},
  year={2023},
  publisher={Wiley Online Library}
}


@article{wang2018integrated,
  title={An integrated framework for high-resolution urban flood modelling considering multiple information sources and urban features},
  author={Wang, Yuntao and Chen, Albert S and Fu, Guangtao and Djordjevi{\'c}, Slobodan and Zhang, Chi and Savi{\'c}, Dragan A},
  journal={Environmental modelling \& software},
  volume={107},
  pages={85--95},
  year={2023},
  publisher={Elsevier}
}

@article{wasko2015steeper,
  title={Steeper temporal distribution of rain intensity at higher temperatures within {Australian} storms},
  author={Wasko, Conrad and Sharma, Ashish},
  journal={Nature Geoscience},
  volume={8},
  number={7},
  pages={527--529},
  year={2015},
  publisher={Nature Publishing Group}
}


@article{watt2013critical,
  title={Critical review of the evolution of the design storm event concept},
  author={Watt, Ed and Marsalek, Jiri},
  journal={Canadian Journal of Civil Engineering},
  volume={40},
  number={2},
  pages={105--113},
  year={2013},
  publisher={NRC Research Press}
}

@article{woods1999synthesis,
  title={A synthesis of space-time variability in storm response: Rainfall, runoff generation, and routing},
  author={Woods, Ross and Sivapalan, Murugesu},
  journal={Water Resources Research},
  volume={35},
  number={8},
  pages={2469--2485},
  year={1999},
  publisher={Wiley Online Library}
}


@article{yalcin2020assessing,
  title={Assessing the impact of topography and land cover data resolutions on two-dimensional HEC-RAS hydrodynamic model simulations for urban flood hazard analysis},
  author={Yalcin, Emrah},
  journal={Natural Hazards},
  volume={101},
  number={3},
  pages={995--1017},
  year={2020},
  publisher={Springer}
}

@article{yang2020linking,
  title={Linking a storm water management model to a novel two-dimensional model for urban pluvial flood modeling},
  author={Yang, Yuhan and Sun, Leifeng and Li, Ruonan and Yin, Jie and Yu, Dapeng},
  journal={International Journal of Disaster Risk Science},
  volume={11},
  pages={508--518},
  year={2020},
  publisher={Springer}
}

@article{yin2016intra,
  title={Intra-storm temporal patterns of rainfall in China using Huff curves},
  author={Yin, Shui-qing and Xie, Yun and Nearing, Mark A and Guo, Wen-li and Zhu, Zheng-yuan},
  journal={Transactions of the ASABE},
  volume={59},
  number={6},
  pages={1619--1632},
  year={2016},
  publisher={American Society of Agricultural and Biological Engineers}
}


@article{zhu2018impact,
  title={The impact of rainfall space-time structure in flood frequency analysis},
  author={Zhu, Zhihua and Wright, Daniel B and Yu, Guo},
  journal={Water Resources Research},
  volume={54},
  number={11},
  pages={8983--8998},
  year={2018},
  publisher={Wiley Online Library}
}