%==Ref1
@article{Grady2019,
	author = "Grady, J. S. and Her, M. and Moreno, G. and Perez, C. and Yelinek, J.",
	title = "Emotions in storybooks: A comparison of storybooks that represent ethnic and racial groups in the United States",
	year = "2019", 
	journal = "Psychology of Popular Media Culture",
	volume = "8",
	number = "3", 
	pages = "207--217"
}


%==Ref2
@article{Grady2020,
	author = "Grady, J. S. and Her, M. and Moreno, G. and Perez, C. and Yelinek, J.",
	title = "Emotions in storybooks: A comparison of storybooks that represent ethnic and racial groups in the United States",
	year = "2020",
	journal = "Psychology of Popular Media Culture",
	volume = "8",
	number = "3", 
	pages = "207--217",
	note = "\url{https://doi.org/10.1037/ppm0000185}"
}

%==Ref3
@article{Light2008,
	author = "Light, M. A. and Light, I. H.",
	title = "The geographic expansion of Mexican immigration in the United States and its implications for local law enforcement",
	year = "2008",
	journal = "Law Enforcement Executive Forum Journal",
	volume = "8",
	number = "1",
	pages = "73--82"
}

%==Ref4
@article{Ledebur2007,
	author = "Von Ledebur, S. C.",
	title = "Optimizing knowledge transfer by new employees in companies",
	year = "2007",
	journal = "Knowledge Management Research \& Practice",
	note = "Advance online publication. \url{https://doi.org/10.1057/palgrave.kmrp.8500141}"
}

%==Ref5
@article{Sanchiz2017,
	author = "Sanchiz, M. and Chevalier, A. and Amadieu, F.",
	title = "How do older and young adults start searching for information? Impact of age, domain knowledge and problem complexity on the different steps of information searching", 
	year = "2017",
	journal = "Computers in Human Behavior", 
	volume = "72", 
	pages = "67--78",
	note = "\url{https://doi.org/10.1016/j.chb.2017.02.038}"
}


%==Ref4
@article{Margolin2003,
      author = "Margolin, L. G. and Shashkov, M.",
       title = "Second-order sign-preserving conservative interpolation (remapping) on general grids",
        year = "2003",
     journal = "Journal of Computational Physics",
      volume = "184",
      number = "1",
       pages = "266--298"
}

%==Ref7
@magazine{Lyons2009,
      author = "Lyons, D.",
       title = "Don't ‘iTune’ us: It’s geeks versus writers. {G}uess who’s winning",
        year = "2009",
		month = "June 15",
     journal = "Newsweek",
      volume = "153",
      number = "24",
       pages = "27"
}

%==Ref8
@book{Jackson2019, 
	author = "Jackson, L. M.",
	title = "The psychology of prejudice: From attitudes to social action",
	year = "2019",
	edition = "2",
	publisher = "American Psychological Association",
	note = "\url{https://doi.org/10.1037/0000168-000}"
}

%==Ref
@book{Sapolsky2017,
	author = "Sapolsky, R. M.",
	title = "Behave: The biology of humans at our best and worst",
	year = "2017",
	publisher = "Penguin Books"
}

%==Ref
@book{Hygum2010,
	editor = "Hygum, E. and Pedersen, P. M.",
	title = "Early childhood education: Values and practices in Denmark",
	year = "2010",
	publisher = "Hans Reitzels Forlag",
	note = "\url{https://earlychildhoodeducation.digi.hansreitzel.dk/}"
}

%==Ref
@book{Watson2013,
	author = "Watson, J. B. and Rayner, R.",
	title = "Conditioned emotional reactions: The case of Little Albert",
	year = "2013",
	editor = "D. Webb", 
	publisher = "CreateSpace Independent Publishing Platform",
	note = "\url{http://a.co/06Se6Na (Original work published 1920)}"
}

%==Ref
@inproceedings{Aron2019,
	author = "Aron, L. and Botella, M. and Lubart, T.",
	title = "Culinary arts: Talent and their development",
	year = "2019",
	editor = "R. F. Subotnik and P. Olszewski-Kubilius and F. C. Worrell", 
	booktitle = "The psychology of high performance: Developing human potential into domain-specific talent",
	publisher = "American Psychological Association",
	pages = "345--359",
	note = "\url{https://doi.org/10.1037/0000120-016}"
}

%==Ref
@inproceedings{Dillard2020,
	author = "Dillard, J. P.",
	title = "Currents in the study of persuasion",
	year = "2020",
	editor = "M. B. Oliver and A. A. Raney and J. Bryant",
	booktitle = "Media effects: Advances in theory and research",
	edition = "4",
	publisher = "Routledge",
	pages = "115--129" 
}

%==Ref5
@inproceedings{Kenamond2013,
      author = "Kenamond, M. A. and Burton, D. E.",
       title = "Exact intersection remapping of multi-material domain-decomposed polygonal meshes",
      booktitle = "{I}nternational {C}onference on {N}umerical {M}ethods for {M}ulti-{M}aterial {F}luid {F}lows",
     address = "San {F}rancisco",
        year = "2013",
        note = "LA-UR-13-26794"
}


%==Ref6
@inproceedings{Burton2013,
      author = "Burton, D. E. and Kenamond, M. A. and Morgan, N. R. and Carney, T. C. and Shashkov, M. J.",
       title = "An intersection based {ALE} scheme {(xALE)} for cell centered hydrodynamics {(CCH)}",
      booktitle = "{I}nternational {C}onference on {N}umerical {M}ethods for {M}ulti-{M}aterial {F}luid {F}lows",
     address = "San {F}rancisco",
        year = "2013",
        note = "LA-UR-13-26756.2"
}



%==Ref9
@article{Breil2015,
      author = "Breil, J. and Alcin, H. and Maire, P. H.",
       title = "A swept intersection-based remapping method for axisymmetric {ReALE} computation",
        year = "2015",
     journal = "International Journal for Numerical Methods in Fluids",
      volume = "77",
      number = "11",
       pages = "694--706",
        note = "https://doi.org/10.1002/fld.3996"
}

%==Ref10
@inproceedings{Barth1997,
      author = "Barth, T. J.",
       title = "Numerical methods for gasdynamic systems on unstructured meshes",
   booktitle = "An {I}ntroduction to {R}ecent {D}evelopments in {T}heory and {N}umerics for {C}onservation {L}aws, {P}roceedings of the {I}nternational {S}chool on {T}heory and {N}umerics for {C}onservation {L}aws",
      editor = "Kroner, D. and Rohde, C. and Ohlberger, M.",
      series = "Lecture {N}otes in {C}omputational {S}cience and {E}ngineering",
   publisher = "Springer",
        year = "1997",
	  pages = "195--285"
}

%==Ref11
@article{Liska2010,
      author = "Liska, R. and Shashkov, M. and Vachal, P. and Wendroff, B. and Author, A. B. and Author, B. B. and Author, C. C.",
       title = "Optimization-based synchronized flux-corrected conservative interpolation (remapping) of mass and momentum for arbitrary {L}agrangian-{E}ulerian methods",
        year = "2010",
     journal = "Journal of Computational Physics",
      volume = "229",
      number = "5",
       pages = "1467--1497"
}


%==Ref13
@misc{Blanchard2015,
      author = "Blanchard, G. and Loubere, R.",
       title = "High-Order {C}onservative {R}emapping with a posteriori {MOOD} stabilization on polygonal meshes",
        year = "2015",
howpublished = "Details on how published",
	note = "\url{https://hal.archives-ouvertes.fr/hal-01207156}, the {HAL} {O}pen {A}rchive, hal-01207156. Accessed January 13, 2016"
}




%==Ref17
@inproceedings{Kucharik2011,
      author = "Kucharik, M. and Shashkov, M.",
       title = "Flux-based approach for conservative remap of multi-material quantities in {2D} arbitrary {L}agrangian-{E}ulerian simulations",
   booktitle = "Finite {V}olumes for {C}omplex {A}pplications {VI} {P}roblems \& {P}erspectives",
      editor = "Fo\v{r}t, J. and F{\"{u}}rst, J. and Halama, J. and Herbin, R. and Hubert, F.",
      series = "Springer {P}roceedings in {M}athematics",
      volume = "1",
   publisher = "Springer",
        year = "2011",
       pages = "623--631"
}

%==Ref18
@article{Kucharik2014,
      author = "Kucharik, M. and Shashkov, M.",
       title = "Conservative multi-material remap for staggered multi-material arbitrary {L}agrangian-{E}ulerian methods",
        year = "2014",
     journal = "Journal of Computational Physics",
      volume = "258",
       pages = "268--304"
}

%==Ref19
@article{Loubere2005,
      author = "Loubere, R. and Shashkov, M.",
       title = "A subcell remapping method on staggered polygonal grids for arbitrary-{L}agrangian-{E}ulerian methods",
        year = "2005",
     journal = "Journal of Computational Physics",
      volume = "209",
      number = "1",
       pages = "105--138"
}

%==Ref20
@techreport{Terry2010,
      author = "Terry, M.A. and Lopez, F. M.",
       title = "Racism and poverty in the Bay Area",
 institution = "Embarcadero Institute",
        year = "2010",
      number = "Research Report No. 10.4",
	  note = "\url{http://www.bayarearesearch.org}"
}


%==Ref21
@inproceedings{Mavriplis2003,
      author = "Mavriplis, D. J.",
       title = "Revisiting the least-squares procedure for gradient reconstruction on unstructured meshes",
	   booktitle = "AIAA 2003-3986. 16th {AIAA} {C}omputational {F}luid {D}ynamics {C}onference", 
        year = "2003, June 23--26",
organization = "The organization",
     address = "Orlando, {F}lorida"
}

%==Ref22
@article{Scovazzi2008,
      author = "Scovazzi, G. and Love, E. and Shashkov, M.",
       title = "Multi-scale {L}agrangian shock hydrodynamics on {Q1/P0} finite elements: {T}heoretical framework and two-dimensional computations",
        year = "2008",
     journal = "Computer Methods in Applied Mechanics and Engineering",
      volume = "197",
      number = "9--12",
       pages = "1056--1079"
}

%==Ref23
@article{Caramana1998,
      author = "Caramana, E. J. and Shashkov, M. J.",
       title = "Elimination of artificial grid distortion and hourglass-type motions by means of {L}agrangian subzonal masses and pressures",
        year = "1998",
     journal = "Journal of Computational Physics",
      volume = "142",
      number = "2",
       pages = "521--561"
}

%==Ref24
@techreport{Hoch2009,
      author = "Hoch, P.",
       title = "An arbitrary {L}agrangian-{E}ulerian strategy to solve compressible fluid flows",
      number = "Technical {R}eport No.",
 institution = "CEA",
     address = "The address",
        year = "2009",
        note = "HAL: hal-00366858. https://hal.archives-ouvertes.fr/docs/00/36/68/58/PDF/ale2d.pdf. Accessed January 13, 2016"
}

%==Ref25
@book{Shashkov1996,
      author = "Shashkov, M.",
       title = "Conservative {F}inite-{D}ifference {M}ethods on {G}eneral {G}rids",
   publisher = "CRC {P}ress",
        year = "1996",
        note = "ISBN 0-8493-7375-1"
}

%==Ref26
@article{Knupp1999,
      author = "Knupp, P. M.",
       title = "Winslow smoothing on two-dimensional unstructured meshes",
        year = "1999",
     journal = "Engineering with Computers",
      volume = "15",
       pages = "263--268"
}

%==Ref27
@techreport{kamm2000,
      author = "Kamm, J.",
       title = "Evaluation of the {S}edov-von {N}eumann-{T}aylor blast wave solution",
 institution = "Los {A}lamos {N}ational {L}aboratory",
     address = "The address",
        year = "2000",
      number = "Technical {R}eport LA-UR-00-6055"
}

%==Ref28
@inproceedings{Taylor1937,
      author = "Taylor, G. I. and Green, A. E.",
       title = "Mechanism of the production of small eddies from large ones",
     booktitle = "Proceedings of The Royal Society of London. Series A: Mathematical, Physical and Engineering Sciences",
     year = "1937",
      volume = "158",
      number = "895",
       pages = "499--521",
        note = "\url{https://doi.org/10.1098/rspa.1937.0036}, \url{http://rspa.royalsocietypublishing.org/content/158/895/499}"
}


